<?xml version="1.0" encoding="UTF-8"?><collection xmlns="http://www.loc.gov/MARC21/slim"><record><leader>00482nam--2200157-i-4500</leader><controlfield tag="001">000001394</controlfield><controlfield tag="002">20161230</controlfield><controlfield tag="005">20161230201024</controlfield><controlfield tag="008">060222s1000------------r-----000-0-eng-d</controlfield><datafield ind1=" " ind2=" " tag="080"><subfield code="a">517.972</subfield></datafield><datafield ind1="1" ind2=" " tag="100"><subfield code="a">Glowinski, Roland</subfield></datafield><datafield ind1="1" ind2="0" tag="245"><subfield code="a">Numerical methods for nonlinear variazional problems.with 82 illustration</subfield></datafield><datafield ind1=" " ind2=" " tag="260"><subfield code="a">New York, Springer-verlag, 1984. Xiii + 493 P</subfield></datafield><datafield ind1=" " ind2=" " tag="490"><subfield code="a">Spinger Series In Computational Physics</subfield></datafield><datafield ind1=" " ind2=" " tag="852"><subfield code="a">72673</subfield><subfield code="c">517.9</subfield></datafield><datafield ind1=" " ind2=" " tag="CAT"><subfield code="a">Sys</subfield><subfield code="c">20090424</subfield><subfield code="h">110755</subfield></datafield></record></collection>